<?xml version="1.0" encoding="UTF-8"?><collection xmlns="http://www.loc.gov/MARC21/slim"><record><leader>00534nam--2200181-u-4500</leader><controlfield tag="001">000053363</controlfield><controlfield tag="002">20161230</controlfield><controlfield tag="005">20161230201051</controlfield><controlfield tag="008">110316s1000------------r-----000-0-eng-d</controlfield><datafield ind1=" " ind2=" " tag="020"><subfield code="a">0471333263</subfield></datafield><datafield ind1=" " ind2=" " tag="040"><subfield code="a">IFIN-HH</subfield></datafield><datafield ind1=" " ind2=" " tag="080"><subfield code="a">611.81:004.8:530.1:140:(0.062)</subfield></datafield><datafield ind1="1" ind2=" " tag="100"><subfield code="a">Satinover, Jeffrey</subfield></datafield><datafield ind1="1" ind2="0" tag="245"><subfield code="a">The quantum brain</subfield><subfield code="b">The search for freedom and the next generation of man</subfield><subfield code="c">Jeffrey satinover</subfield></datafield><datafield ind1=" " ind2=" " tag="260"><subfield code="a">New York</subfield><subfield code="b">John Wiley &amp; Sons, Inc</subfield><subfield code="c">2001</subfield></datafield><datafield ind1=" " ind2=" " tag="300"><subfield code="a">XII+276P</subfield></datafield><datafield ind1=" " ind2=" " tag="852"><subfield code="a">81711</subfield><subfield code="c">53</subfield></datafield><datafield ind1=" " ind2=" " tag="CAT"><subfield code="a">Sys</subfield><subfield code="c">20151012</subfield><subfield code="h">081244</subfield></datafield></record></collection>